<?xml version="1.0" encoding="UTF-8" standalone="yes"?>
<Document xmlns="urn:iso:std:iso:20022:tech:xsd:pacs.008.001.11">
    <FIToFICstmrCdtTrf>
        <GrpHdr>
            <MsgId>20231012RUB0363941886LXTFQK66</MsgId>
            <CreDtTm>2023-10-12T15:08:04.964+03:00</CreDtTm>
            <NbOfTxs>1</NbOfTxs>
            <CtrlSum>1500</CtrlSum>
            <SttlmInf>
                <SttlmMtd>INGA</SttlmMtd>
            </SttlmInf>
        </GrpHdr>
        <CdtTrfTxInf>
            <PmtId>
                <InstrId>RUB20231012LXTFQK66B046749742</InstrId>
                <EndToEndId>52e1f46-29ba-4181-8422-5b5e4939e7ce</EndToEndId>
            </PmtId>
            <IntrBkSttlmAmt Ccy="RUB">1500</IntrBkSttlmAmt>
            <ChrgBr>DEBT</ChrgBr>
            <Dbtr/>
            <DbtrAgt>
                <FinInstnId>
                    <BICFI>LXTFQK66</BICFI>
                </FinInstnId>
            </DbtrAgt>
            <CdtrAgt>
                <FinInstnId>
                    <BICFI>RXVTDDRY</BICFI>
                </FinInstnId>
            </CdtrAgt>
            <Cdtr/>
        </CdtTrfTxInf>
    </FIToFICstmrCdtTrf>
</Document>
